<record><leader>00000cas a2200000 a 4500</leader><controlfield tag="001">17212685</controlfield><controlfield tag="008">871209d18921895wauwr ne      0    0eng d</controlfield><datafield ind1=" " ind2=" " tag="010"><subfield code="a">sn 87093282 </subfield></datafield><datafield ind1=" " ind2=" " tag="040"><subfield code="a">SLZ</subfield><subfield code="b">eng</subfield><subfield code="c">SLZ</subfield><subfield code="d">OCL</subfield><subfield code="d">OCLCQ</subfield><subfield code="d">OCLCF</subfield><subfield code="d">OCLCO</subfield></datafield><datafield ind1="1" ind2=" " tag="029"><subfield code="a">AU@</subfield><subfield code="b">000025785472</subfield></datafield><datafield ind1=" " ind2=" " tag="042"><subfield code="a">msc</subfield></datafield><datafield ind1=" " ind2=" " tag="043"><subfield code="a">n-us-wa</subfield></datafield><datafield ind1="0" ind2=" " tag="130"><subfield code="a">Townsend leader (Port Townsend, Wash. : 1892)</subfield></datafield><datafield ind1="1" ind2="4" tag="245"><subfield code="a">The Townsend leader.</subfield></datafield><datafield ind1=" " ind2=" " tag="250"><subfield code="a">Weekly ed.</subfield></datafield><datafield ind1=" " ind2=" " tag="260"><subfield code="a">Port Townsend, Wash. :</subfield><subfield code="b">Key City Pub. Co.</subfield></datafield><datafield ind1=" " ind2=" " tag="300"><subfield code="a">v.</subfield></datafield><datafield ind1=" " ind2=" " tag="310"><subfield code="a">Weekly</subfield></datafield><datafield ind1="1" ind2=" " tag="362"><subfield code="a">Began in 1892? Ceased in 1895?</subfield></datafield><datafield ind1=" " ind2=" " tag="588"><subfield code="a">Description based on: Vol. 3, no. 27 (Apr. 7, 1892).</subfield></datafield><datafield ind1=" " ind2="0" tag="651"><subfield code="a">Port Townsend (Wash.)</subfield><subfield code="v">Newspapers.</subfield></datafield><datafield ind1=" " ind2="7" tag="655"><subfield code="a">Newspapers.</subfield><subfield code="2">fast</subfield><subfield code="0">(OCoLC)fst01423814</subfield></datafield><datafield ind1=" " ind2="7" tag="651"><subfield code="a">Washington (State)</subfield><subfield code="z">Port Townsend.</subfield><subfield code="2">fast</subfield><subfield code="0">(OCoLC)fst01334269</subfield></datafield><datafield ind1=" " ind2=" " tag="752"><subfield code="a">United States</subfield><subfield code="b">Washington</subfield><subfield code="c">Jefferson</subfield><subfield code="d">Port Townsend.</subfield></datafield><datafield ind1="0" ind2=" " tag="775"><subfield code="t">Townsend leader (Port Townsend, Wash. : 1895)</subfield></datafield><datafield ind1="0" ind2="0" tag="780"><subfield code="t">Weekly leader (Port Townsend, Wash. : 1889)</subfield><subfield code="w">(DLC)sn 87093281</subfield></datafield><datafield ind1="0" ind2="0" tag="785"><subfield code="t">Weekly leader (Port Townsend, Wash. : 1895)</subfield><subfield code="w">(DLC)sn 87093283</subfield></datafield></record>